%% This BibTeX bibliography file was created using BibDesk.
%% http://bibdesk.sourceforge.net/

%% Created for Florian Daniel at 2017-10-12 18:02:02 +0200 


%% Saved with string encoding Unicode (UTF-8) 



@article{SAGA,
	author = {Aaron Defazio and Francis Bach and Simon Lacoste-Julien},
	title = {SAGA: A Fast Incremental Gradient Method With Support for Non-Strongly Convex Composite Objectives},
	year = {2014}
}

@article{SAG,
	author = {Mark Schmidt and Nicolas Le Roux and Francis Bach},
	title = {Minimizing Finite Sums with the Stochastic Average Gradient},
	booktitle = {Mathematical Programming B.},
	year = {2017}
}


@article{Liblinear,
	author = {Rong-En Fa and Kai-Wei Chang and Cho-Jui Hsieh and Xiang-Rui Wang and Chih-Jen Lin},
	title = {LIBLINEAR: A Library for Large Linear Classification},
	year = {2017}
}


@article{Lee11sevenmonths,
	author = {Kyumin Lee and Brian David Eoff and James Caverlee},
	title = {Seven months with the devils: a long-term study of content polluters on Twitter},
	booktitle = {In AAAI Int’l Conference on Weblogs and Social Media (ICWSM)},
	year = {2011}
}


@article{Varol,
	author = {Onur Varol and Emilio Ferrara and Clayton A. Davis and Filippo Menczer and Alessandro Flammini},
	title = {Online Human-Bot Interactions: Detection, Estimation and Characterization},
	year = {2017}
}

@article{Sybils,
	author = {Qiang Cao and Michael Sirivianos and Xiaowei Yang and Tiago Pregueiro},
	title = {Aiding the Detection of Fake Accounts in Large Scale Social Online Services},
	year = {2012}
}

@article{Intrusion-Detection,
	author = {Robin Sommer and Vern Paxson},
	title = {Outside the Closed World: On Using Machine Learning For Network Intrusion Detection},
	year = {2010}
}

@article{Fake-Followers,
	author = {Stefano Cresci and Roberto Di Pietro and Marinella Petrocchi and Angelo Spognardi and Maurizio Tesconi},
	title = {Fame for sale: Efficient detection of fake Twitter followers},
	year = {2015}
}

@article{Misinformation,
	author = {Chengcheng Shao and Pik-Mai Hui and Lei Wang and Xinwen Jiang and Alessandro Flammini and Filippo Menczer and Giovanni Luca Ciampaglia},
	title = {Anatomy of an online misinformation network},
	year = {2018},
	url={https://doi.org/10.1371/journal.pone.0196087}
}

@article{Fact-Checking,
	author = {Chengcheng Shao and Giovanni Luca Ciampaglia and Onur Varol and Kaicheng Yang and Alessandro Flammini and Filippo Menczer},
	title = {The spread of low-credibility content by social bots},
	year = {2018},
	url = {https://arxiv.org/abs/1707.07592}
}

@article{Hoaxy,
	author = {Chengcheng Shao and Giovanni Luca Ciampaglia and Alessandro Flammini and Filippo Menczer},
	title = {Hoaxy: A Platform for Tracking Online Misinformation},
	year = {2016},
	url = {http://doi.org/10.1145/2872518.2890098} 
}



@article{Yang,
	author = {C. Yang and R. Harkreader and G. Gu.},
	title = {Empirical evaluation and new design for fighting evolving Twitter spammers},
	booktitle = {IEEE Trans. Inform. Forens. Sec.},
	year = {2013}
}

@article{Cresci,
	author = {Stefano Cresci and Roberto Di Pietro and Marinella Petrocchi and Angelo Spognardi and Maurizio Tesconi},
	title = {The paradigm-shift of social spambots: Evidence, theories, and tools for the arms race},
	booktitle = {Proceedings of the 26th International Conference on World Wide Web Companion, 2017},
	year = {2017}
}

@article{Disinformation,
	author = {John S. and James L. Knight Foundation},
	title = {Disinformation, 'Fake News' and Influence Campaigns on Twitter},
	year = {2018}
}

@aritcle {Botometer,
	author = {Clayton A. Davis and Onur Varol and Emilio Ferrara and Alessandro Flammini and Filippo Menczer},
	title = {BotOrNot: A System to Evaluate Social Bots},
	year = {2016}
}

@aritcle {BotorNot,
	author = {Emilio Ferrara and Onur Varol and Clayton Davis and Filippo Menczer and AlessandroFlammini},
	title = {The rise of social bots},
	year = {2016}
}

@aritcle {Bot-Hunter,
	author = {Beskow and David and Carley and Kathleen},
	title = {Bot-hunter: A Tiered Approach to Detecting and Characterizing Automated Activity on Twitter},
	year = {2018}
}

@aritcle {Astroturfing,
	author = {J. Ratkiewicz and M. D. Conover and M. Meiss and B. Gonçalves and A. Flammini and F. Menczer},
	title = {Detecting and Tracking Political Abuse in Social Media},
	year = {2011}
}

@aritcle {svm,
	author = {T. Joachims},
	title = {Text categorization with support vector machines: Learning  with many relevant features},
	booktitle = {10th European Conference on Machine Learning},
	year = {1998}
}

@aritcle {nb,
	author = {S. Ting and W. Ip and A. H. Tsang},
	title = {Is naive bayes a good classifier for document classification?},
	booktitle = {International Journal of Software Engineering and Its Applications, vol. 5, no. 3},
	year = {2011}
}

@aritcle {inception,
	author = {Christian Szegedy and Vincent Vanhoucke and Sergey Ioffe and Jonathon Shlens and Zbigniew Wojna},
	title = {Rethinking the Inception Architecture for Computer Vision},
	year = {2015}
}


@aritcle {selfie,
	author = {Mahdi M. Kalayeh and Misrak Seifu and Wesna LaLanne and Mubarak Shah},
	title = {How to Take a Good Selfie?},
	year = {2015}
}

@aritcle {inbenta,
	author = {Inbenta Technologies Inc.},
	title = {The ultimate guide to chatbots for businesses. Tech. Rep.},
	booktitle = {www.inbenta.com},
	year = {2016}
}

@aritcle {bessi,
	author = {A. Bessi and E. Ferrara},
	title = {Social bots distort the 2016 US Presidential election online discussion. First Monday 21},
	year = {2016}
}

@aritcle {Cyborgs,
	author = {Zi Chu and Steven Gianvecchio and Haining Wang and Sushil Jajodia},
	title = {Detecting Automation of Twitter Accounts: Are You a Human, Bot, or Cyborg?},
	year = {2012}
}

@article{DanielIC2019,
	Author = {Florian Daniel and Cinzia Cappiello and Boualem Benatallah},
	Journal = {IEEE Internet Computing, accpted for publication},
	Title = {Bots Acting Like Humans: Understanding and Preventing Harm},
	Url = {http://www.floriandaniel.it/papers/DanielIC2019.pdf},
	Year = {2019},
	Bdsk-Url-1 = {http://www.floriandaniel.it/papers/DanielIC2019.pdf}
}
